 @misc{scholze1,
 title={Lectures on Condensed Mathematics}, 
 journal={\url{https://www.math.uni-bonn.de/people/scholze/Condensed.pdf}},
 author={Scholze, Peter}
 }

 @misc{masterclass,
 title={Masterclass in Condensed Mathematics},
 howpublished = {\url{https://www.youtube.com/playlist?list=PLAMniZX5MiiLXPrD4mpZ-O9oiwhev-5Uq}},
 author={Scholze, Peter and Clausen, Dustin}
 }
